@article{ng2001spectral,
  title={On spectral clustering: Analysis and an algorithm},
  author={Ng, Andrew and Jordan, Michael and Weiss, Yair},
  journal={Advances in neural information processing systems},
  volume={14},
  year={2001}
}
@article{rahimi2007random,
  title={Random features for large-scale kernel machines},
  author={Rahimi, Ali and Recht, Benjamin},
  journal={Advances in neural information processing systems},
  volume={20},
  year={2007}
}
@inproceedings{yoo2016streaming,
  title={Streaming spectral clustering},
  author={Yoo, Shinjae and Huang, Hao and Kasiviswanathan, Shiva Prasad},
  booktitle={2016 IEEE 32nd international conference on data engineering (ICDE)},
  pages={637--648},
  year={2016},
  organization={IEEE}
}
@article{musco2015randomized,
  title={Randomized block krylov methods for stronger and faster approximate singular value decomposition},
  author={Musco, Cameron and Musco, Christopher},
  journal={Advances in neural information processing systems},
  volume={28},
  year={2015}
}
@inproceedings{yi2020fast,
  title={A Fast and Accurate Frequent Directions Algorithm for Low Rank Approximation via Block Krylov Iteration},
  author={Yi, Qianxin and Wang, Chenhao and Liao, Xiuwu and Wang, Yao},
  booktitle={ICASSP 2020-2020 IEEE International Conference on Acoustics, Speech and Signal Processing (ICASSP)},
  pages={3167--3171},
  year={2020},
  organization={IEEE}
}
@article{ghashami2016frequent,
  title={Frequent directions: Simple and deterministic matrix sketching},
  author={Ghashami, Mina and Liberty, Edo and Phillips, Jeff M and Woodruff, David P},
  journal={SIAM Journal on Computing},
  volume={45},
  number={5},
  pages={1762--1792},
  year={2016},
  publisher={SIAM}
}
@inproceedings{liberty2013simple,
  title={Simple and deterministic matrix sketching},
  author={Liberty, Edo},
  booktitle={Proceedings of the 19th ACM SIGKDD international conference on Knowledge discovery and data mining},
  pages={581--588},
  year={2013}
}
@inproceedings{NIPS2011_52c67099,
 author = {Shindler, Michael and Wong, Alex and Meyerson, Adam},
 booktitle = {Advances in Neural Information Processing Systems},
 editor = {J. Shawe-Taylor and R. Zemel and P. Bartlett and F. Pereira and K.Q. Weinberger},
 pages = {},
 publisher = {Curran Associates, Inc.},
 title = {Fast and Accurate k-means For Large Datasets},
 url = {https://proceedings.neurips.cc/paper_files/paper/2011/file/52c670999cdef4b09eb656850da777c4-Paper.pdf},
 volume = {24},
 year = {2011}
}
@misc{SileroVAD,
  author = {Silero Team},
  title = {Silero VAD: pre-trained enterprise-grade Voice Activity Detector (VAD), Number Detector and Language Classifier},
  year = {2021},
  publisher = {GitHub},
  journal = {GitHub repository},
  howpublished = {https://github.com/snakers4/silero-vad},
  commit = {insert_some_commit_here},
  email = {hello@silero.ai}
}
@inproceedings{dawalatabad21_interspeech,
  author={Nauman Dawalatabad and Mirco Ravanelli and Fran√ßois Grondin and Jenthe Thienpondt and Brecht Desplanques and Hwidong Na},
  title={{ECAPA-TDNN Embeddings for Speaker Diarization}},
  year=2021,
  booktitle={Proc. Interspeech 2021},
  pages={3560--3564},
  doi={10.21437/Interspeech.2021-941}
}
@article{park2022review,
  title={A review of speaker diarization: Recent advances with deep learning},
  author={Park, Tae Jin and Kanda, Naoyuki and Dimitriadis, Dimitrios and Han, Kyu J and Watanabe, Shinji and Narayanan, Shrikanth},
  journal={Computer Speech \& Language},
  volume={72},
  pages={101317},
  year={2022},
  publisher={Elsevier}
}
@inproceedings{koh19_interspeech,
  author={Jia Xin Koh and Aqilah Mislan and Kevin Khoo and Brian Ang and Wilson Ang and Charmaine Ng and Ying-Ying Tan},
  title={{Building the Singapore English National Speech Corpus}},
  year=2019,
  booktitle={Proc. Interspeech 2019},
  pages={321--325},
  doi={10.21437/Interspeech.2019-1525}
}

@inproceedings{wang2023told,
  title={TOLD: a Novel Two-Stage Overlap-Aware Framework for Speaker Diarization},
  author={Wang, Jiaming and Du, Zhihao and Zhang, Shiliang},
  booktitle={ICASSP 2023-2023 IEEE International Conference on Acoustics, Speech and Signal Processing (ICASSP)},
  pages={1--5},
  year={2023},
  organization={IEEE}
}
@inproceedings{fujita2019end2,
  title={End-to-end neural speaker diarization with self-attention},
  author={Fujita, Yusuke and Kanda, Naoyuki and Horiguchi, Shota and Xue, Yawen and Nagamatsu, Kenji and Watanabe, Shinji},
  booktitle={2019 IEEE Automatic Speech Recognition and Understanding Workshop (ASRU)},
  pages={296--303},
  year={2019},
  organization={IEEE}
}
@article{park2019auto,
  title={Auto-tuning spectral clustering for speaker diarization using normalized maximum eigengap},
  author={Park, Tae Jin and Han, Kyu J and Kumar, Manoj and Narayanan, Shrikanth},
  journal={IEEE Signal Processing Letters},
  volume={27},
  pages={381--385},
  year={2019},
  publisher={IEEE}
}
@article{zhang2021low,
  title={Low-latency online speaker diarization with graph-based label generation},
  author={Zhang, Yucong and Lin, Qinjian and Wang, Weiqing and Yang, Lin and Wang, Xuyang and Wang, Junjie and Li, Ming},
  journal={arXiv preprint arXiv:2111.13803},
  year={2021}
}
@article{yue2022online,
  title={Online speaker diarization with core samples selection},
  author={Yue, Yanyan and Du, Jun and He, M and Yang, Y and Wang, Renyu},
  journal={Submitted for Interspeech},
  year={2022}
}
@article{landini2022bayesian,
  title={Bayesian hmm clustering of x-vector sequences (vbx) in speaker diarization: theory, implementation and analysis on standard tasks},
  author={Landini, Federico and Profant, J{\'a}n and Diez, Mireia and Burget, Luk{\'a}{\v{s}}},
  journal={Computer Speech \& Language},
  volume={71},
  pages={101254},
  year={2022},
  publisher={Elsevier}
}
@article{fujita2019end1,
  title={End-to-end neural speaker diarization with permutation-free objectives},
  author={Fujita, Yusuke and Kanda, Naoyuki and Horiguchi, Shota and Nagamatsu, Kenji and Watanabe, Shinji},
  journal={arXiv preprint arXiv:1909.05952},
  year={2019}
}
@book{chung1997spectral,
  title={Spectral graph theory},
  author={Chung, Fan RK},
  volume={92},
  year={1997},
  publisher={American Mathematical Soc.}
}
@article{dehak2010front,
  title={Front-end factor analysis for speaker verification},
  author={Dehak, Najim and Kenny, Patrick J and Dehak, R{\'e}da and Dumouchel, Pierre and Ouellet, Pierre},
  journal={IEEE Transactions on Audio, Speech, and Language Processing},
  volume={19},
  number={4},
  pages={788--798},
  year={2010},
  publisher={IEEE}
}
@inproceedings{snyder2018x,
  title={X-vectors: Robust dnn embeddings for speaker recognition},
  author={Snyder, David and Garcia-Romero, Daniel and Sell, Gregory and Povey, Daniel and Khudanpur, Sanjeev},
  booktitle={2018 IEEE international conference on acoustics, speech and signal processing (ICASSP)},
  pages={5329--5333},
  year={2018},
  organization={IEEE}
}
@inproceedings{variani2014deep,
  title={Deep neural networks for small footprint text-dependent speaker verification},
  author={Variani, Ehsan and Lei, Xin and McDermott, Erik and Moreno, Ignacio Lopez and Gonzalez-Dominguez, Javier},
  booktitle={2014 IEEE international conference on acoustics, speech and signal processing (ICASSP)},
  pages={4052--4056},
  year={2014},
  organization={IEEE}
}
@article{bain2023whisperx,
  title={WhisperX: Time-accurate speech transcription of long-form audio},
  author={Bain, Max and Huh, Jaesung and Han, Tengda and Zisserman, Andrew},
  journal={arXiv preprint arXiv:2303.00747},
  year={2023}
}
@inproceedings{liu2006speaker,
  title={Speaker Diarization SystemBased on GMM and BIC},
  author={Liu, Tantan and Liu, Xiaoxing and Yan, Yonghong},
  booktitle={International Symposium on Chinese Spoken Language Processing, Singapore},
  year={2006},
  organization={Citeseer}
}
@inproceedings{woubie2015using,
  title={Using voice-quality measurements with prosodic and spectral features for speaker diarization},
  author={Woubie, Abraham and Luque, Jordi and Hernando, Javier},
  booktitle={Sixteenth Annual Conference of the International Speech Communication Association},
  year={2015}
}
@inproceedings{silovsky2012incorporation,
  title={Incorporation of the ASR output in speaker segmentation and clustering within the task of speaker diarization of broadcast streams},
  author={Silovsky, Jan and Zdansky, Jindrich and Nouza, Jan and Cerva, Petr and Prazak, Jan},
  booktitle={2012 IEEE 14th International Workshop on Multimedia Signal Processing (MMSP)},
  pages={118--123},
  year={2012},
  organization={IEEE}
}
@inproceedings{khare2022asr,
  title={ASR-aware end-to-end neural diarization},
  author={Khare, Aparna and Han, Eunjung and Yang, Yuguang and Stolcke, Andreas},
  booktitle={ICASSP 2022-2022 IEEE International Conference on Acoustics, Speech and Signal Processing (ICASSP)},
  pages={8092--8096},
  year={2022},
  organization={IEEE}
}
@inproceedings{carletta2005ami,
  title={The AMI meeting corpus: A pre-announcement},
  author={Carletta, Jean and Ashby, Simone and Bourban, Sebastien and Flynn, Mike and Guillemot, Mael and Hain, Thomas and Kadlec, Jaroslav and Karaiskos, Vasilis and Kraaij, Wessel and Kronenthal, Melissa and others},
  booktitle={International workshop on machine learning for multimodal interaction},
  pages={28--39},
  year={2005},
  organization={Springer}
}

