@article{gunther2010neuralnet,
  title={neuralnet: Training of neural networks},
  author={G{\"u}nther, Frauke and Fritsch, Stefan},
  journal={The R journal},
  volume={2},
  number={1},
  pages={30--38},
  year={2010}
}

@inproceedings{assigned_paper_zou2019layer,
  title={Layer-Dependent Importance Sampling for Training Deep and Large Graph Convolutional Networks},
  author={Zou, Difan and Hu, Ziniu and Wang, Yewen and Jiang, Song and Sun, Yizhou and Gu, Quanquan},
  booktitle={Advances in Neural Information Processing Systems},
  pages={11247--11256},
  year={2019}
}

@article{zhang2019graph,
  title={Graph convolutional networks: a comprehensive review},
  author={Zhang, Si and Tong, Hanghang and Xu, Jiejun and Maciejewski, Ross},
  journal={Computational Social Networks},
  volume={6},
  number={1},
  pages={11},
  year={2019},
  publisher={Springer}
}

@inproceedings{cui2018context,
  title={Context-dependent diffusion network for visual relationship detection},
  author={Cui, Zhen and Xu, Chunyan and Zheng, Wenming and Yang, Jian},
  booktitle={Proceedings of the 26th ACM international conference on Multimedia},
  pages={1475--1482},
  year={2018}
}

@inproceedings{chen2017photographic,
  title={Photographic image synthesis with cascaded refinement networks},
  author={Chen, Qifeng and Koltun, Vladlen},
  booktitle={Proceedings of the IEEE international conference on computer vision},
  pages={1511--1520},
  year={2017}
}

@inproceedings{yan2018spatial,
  title={Spatial temporal graph convolutional networks for skeleton-based action recognition},
  author={Yan, Sijie and Xiong, Yuanjun and Lin, Dahua},
  booktitle={Thirty-second AAAI conference on artificial intelligence},
  year={2018}
}

@inproceedings{yao2019graph,
  title={Graph convolutional networks for text classification},
  author={Yao, Liang and Mao, Chengsheng and Luo, Yuan},
  booktitle={Proceedings of the AAAI Conference on Artificial Intelligence},
  volume={33},
  pages={7370--7377},
  year={2019}
}

@article{marcheggiani2017encoding,
  title={Encoding sentences with graph convolutional networks for semantic role labeling},
  author={Marcheggiani, Diego and Titov, Ivan},
  journal={arXiv preprint arXiv:1703.04826},
  year={2017}
}

@article{bastings2017graph,
  title={Graph convolutional encoders for syntax-aware neural machine translation},
  author={Bastings, Joost and Titov, Ivan and Aziz, Wilker and Marcheggiani, Diego and Sima'an, Khalil},
  journal={arXiv preprint arXiv:1704.04675},
  year={2017}
}

@article{zitnik2018modeling,
  title={Modeling polypharmacy side effects with graph convolutional networks},
  author={Zitnik, Marinka and Agrawal, Monica and Leskovec, Jure},
  journal={Bioinformatics},
  volume={34},
  number={13},
  pages={i457--i466},
  year={2018},
  publisher={Oxford University Press}
}

@article{xie2018crystal,
  title={Crystal graph convolutional neural networks for an accurate and interpretable prediction of material properties},
  author={Xie, Tian and Grossman, Jeffrey C},
  journal={Physical review letters},
  volume={120},
  number={14},
  pages={145301},
  year={2018},
  publisher={APS}
}

@inproceedings{wu2019neural,
  title={A neural influence diffusion model for social recommendation},
  author={Wu, Le and Sun, Peijie and Fu, Yanjie and Hong, Richang and Wang, Xiting and Wang, Meng},
  booktitle={Proceedings of the 42nd international ACM SIGIR conference on research and development in information retrieval},
  pages={235--244},
  year={2019}
}

@article{chen2017stochastic,
  title={Stochastic training of graph convolutional networks with variance reduction},
  author={Chen, Jianfei and Zhu, Jun and Song, Le},
  journal={arXiv preprint arXiv:1710.10568},
  year={2017}
}

@inproceedings{chiang2019cluster,
  title={Cluster-gcn: An efficient algorithm for training deep and large graph convolutional networks},
  author={Chiang, Wei-Lin and Liu, Xuanqing and Si, Si and Li, Yang and Bengio, Samy and Hsieh, Cho-Jui},
  booktitle={Proceedings of the 25th ACM SIGKDD International Conference on Knowledge Discovery \& Data Mining},
  pages={257--266},
  year={2019}
}

@article{chen2018fastgcn,
  title={Fastgcn: fast learning with graph convolutional networks via importance sampling},
  author={Chen, Jie and Ma, Tengfei and Xiao, Cao},
  journal={arXiv preprint arXiv:1801.10247},
  year={2018}
}