@misc{user1551,
  title={matrices - How to show Von Neumann Trace inequality $ \text{Tr}(AB) \leq \sum_{i=1}^n \sigma_{A,i}\sigma_{B,i} $? - Mathematics Stack Exchange},
  url={https://math.stackexchange.com/questions/3075288/how-to-show-von-neumann-trace-inequality-texttrab-leq-sum-i-1n-sigm},
  author={user1551}
}
@INPROCEEDINGS{7498277,
  author={Yoo, Shinjae and Huang, Hao and Kasiviswanathan, Shiva Prasad},
  booktitle={2016 IEEE 32nd International Conference on Data Engineering (ICDE)}, 
  title={Streaming spectral clustering}, 
  year={2016},
  volume={},
  number={},
  pages={637-648},
  doi={10.1109/ICDE.2016.7498277}
}