@incollection{tao2008compactness,
  title={Compactness and compactification},
  author={Tao, Terence},
  booktitle={The Princeton Companion to Mathematics},
  pages={167--169},
  year={2008},
  publisher={Princeton University Press}
}
