@inproceedings{vandermeulen2019balanced,
  title={Balanced task allocation by partitioning the multiple traveling salesperson problem},
  author={Vandermeulen, Isaac and Gro{\ss}, Roderich and Kolling, Andreas},
  booktitle={2019 International Conference on Autonomous Agents and Multiagent Systems},
  pages={1479--1487},
  year={2019},
  organization={ACM}
}
@misc{gallier,
  title={Graph Clustering Using Ratio Cuts},
  url={https://www.cis.upenn.edu/~cis515/cis515-15-spectral-clust-chap5.pdf},
  journal={cis515-15-spectral-clust-chap5.pdf},
  author={H. Gallier, Jean}
}