@inproceedings{Chen:2016:XST:2939672.2939785,
 author = {Chen, Tianqi and Guestrin, Carlos},
 title = {{XGBoost}: A Scalable Tree Boosting System},
 booktitle = {Proceedings of the 22nd ACM SIGKDD International Conference on Knowledge Discovery and Data Mining},
 series = {KDD '16},
 year = {2016},
 isbn = {978-1-4503-4232-2},
 location = {San Francisco, California, USA},
 pages = {785--794},
 numpages = {10},
 url = {http://doi.acm.org/10.1145/2939672.2939785},
 doi = {10.1145/2939672.2939785},
 acmid = {2939785},
 publisher = {ACM},
 address = {New York, NY, USA},
 keywords = {large-scale machine learning},
}
@misc{prashant111,
 title={Extensive Analysis - EDA + FE + Modelling}, 
 url={https://www.kaggle.com/prashant111/extensive-analysis-eda-fe-modelling},
 journal={Kaggle},
 author={Prashant Banerjee},
 year={2020}
}
@misc{sudhakordassubeen,
 title={Extensive Analysis - EDA + FE + Modelling}, 
 url={https://www.kaggle.com/sudhakordassubeen/time-series-analysis-on-australia-rain},
 journal={Kaggle},
 author={Sudhakor das Subeen},
 year={2021}
}
@misc{chandrimad31,
 title={Extensive Analysis - EDA + FE + Modelling}, 
 url={https://www.kaggle.com/chandrimad31/rainfall-prediction-using-7-popular-models},
 journal={Kaggle},
 author={Chandrima D},
 year={2020}
}
  @Article{mice,
    title = {{mice}: Multivariate Imputation by Chained Equations in
      R},
    author = {Stef {van Buuren} and Karin Groothuis-Oudshoorn},
    journal = {Journal of Statistical Software},
    year = {2011},
    volume = {45},
    number = {3},
    pages = {1-67},
    url = {https://www.jstatsoft.org/v45/i03/},
  }