@inproceedings{R-Beamer,
  author    = {MingHao Xu},
  title     = {Ritsumeikan Beamer Theme},
  booktitle = {How to write beautiful \LaTeX},
  year      = {2022},
  url       = {https://www.overleaf.com/project},
}
@misc{CS412,
  title = {Data Preprocessing},
  howpublished = {\url{http://hanj.cs.illinois.edu/cs412/bk3/03.pdf}},
  note = {Accessed: 2022-04-23}
}
@misc{Smoothing,
  title = {Smoothing},
  howpublished = {\url{https://en.wikipedia.org/wiki/Smoothing}},
  note = {Accessed: 2022-05-14}
}
@misc{Wavelet,
  title = {Wavelet},
  howpublished = {\url{https://mathworld.wolfram.com/HaarFunction.html}},
  note = {Accessed: 2022-05-14}
}
@misc{PCA,
  title = {PCA},
  howpublished = {\url{https://programmathically.com/principal-components-analysis-explained-for-dummies/}},
  note = {Accessed: 2022-05-14}
}

@misc{JL_lemma_lecture,
    title= {Algorithms for Modern Massive Data Set Analysis},
    howpublished = {\url{https://cs.stanford.edu/people/mmahoney/cs369m/Lectures/lecture1.pdf}},
    note = {Accessed: 2022-07-02}
}

@misc{equivariance,
    howpublished = {\url{https://www.doc.ic.ac.uk/~bkainz/teaching/DL/notes/equivariance.pdf}},
    note = {Accessed: 2022-08-02}
}
